%% Previous PyGBe work 
@article{CooperBardhanBarba2013,
	Author = {Cooper, Christopher D. and Bardhan, Jaydeep P. and Barba, L.~A.},
	Date-Added = {2013-12-04 20:15:44 +0000},
	Date-Modified = {2015-05-03 23:44:12 +0000},
	Doi = {10.1016/j.cpc.2013.10.028},
	Journal = {Comput. Phys. Commun.},
	Keywords = {pygbe, Poisson-Boltzmann, BEM, barbagroup},
	Month = {March},
	Note = {Preprint on \href{http://arxiv.org/abs/1309.4018}{arXiv:/1309.4018}},
	Number = {3},
	Pages = {720--729},
	Title = {A biomolecular electrostatics solver using {Python}, {GPU}s and boundary elements that can handle solvent-filled cavities and {S}tern layers.},
	Volume = {185},
	Year = {2014},
	Bdsk-Url-1 = {http://dx.doi.org/10.1016/j.cpc.2013.10.028}}

@misc{CooperBarba-share154331,
        Author = {Cooper, Christopher D. and Barba, L.~A.},
        Date-Added = {2013-09-15 03:25:32 +0000},
        Date-Modified = {2015-06-08 15:08:02 +0000},
        Doi = {10.6084/m9.figshare.154331},
        Howpublished = {Technical Report on \textbf{figshare}, CC-BY license},
        Keywords = {pygbe},
        Month = {January 25},
        Title = {Validation of the \texttt{{PyGBe}} code for {P}oisson-{B}oltzmann equation with boundary element methods},
        Year = {2013},
        Bdsk-Url-1 = {http://dx.doi.org/10.6084/m9.figshare.154331}}

@article{CooperClementiBarba2015,
  title={Probing protein orientation near charged nanosurfaces for simulation-assisted biosensor design},
  author={Cooper, Christopher D and Clementi, Natalia C and Barba, Lorena A},
  journal={J. Chem. Phys.},
  volume={143},
  number={12},
  pages={124709},
  year={2015},
  note = {Preprint on \href{https://arxiv.org/abs/1503.08150}{arxiv:1503.08150}},
  publisher={AIP Publishing}
}

%% Small particles theory
@article{MayergoyzZhang2007,
        Author = {Mayergoyz, Isaak D. and Zhang, Zhenyu},
        Date-Added = {2014-10-16 15:10:23 +0000},
        Date-Modified = {2014-10-16 15:13:01 +0000},
        Journal = {IEEE Trans.\ Magn.},
        Number = {4},
        Pages = {1681-1684},
        Title = {The Computation of Extinction Cross Sections of Resonant Metallic Nanoparticles Subject to Optical Radiation},
        Volume = {43},
        Year = {2007}}

@article{Mishchenko2007,
        Author = {Mishchenko, Michael I.},
        Journal = {Opt. Express},
        Number = {15},
        Pages = {13188-13202},
        Title = {Electromagnetic scattering by a fixed finite object embedded in an absorbing medium},
        Volume = {20},
        Year = {2007}}

%% Semi-analytical integration - integral formulation
@article{HessSmith1967,
        Author = {Hess, John L and Smith, AMO},
        Date-Added = {2015-06-04 17:36:26 +0000},
        Date-Modified = {2015-06-04 17:37:50 +0000},
        Journal = {Progress in Aerospace Sciences},
        Keywords = {panel method},
        Pages = {1--138},
        Publisher = {Elsevier},
        Title = {Calculation of potential flow about arbitrary bodies},
        Volume = {8},
        Year = {1967},
        Bdsk-Url-1 = {http://www.dtic.mil/dtic/tr/fulltext/u2/755480.pdf}}

@inproceedings{ZhuHuangSongWhite2001,
        Author = {Zhu, Z. and Huang, J. and Song, B. and White, J.},
        Booktitle = {Proceedings of the 2001 IEEE/ACM Int.\ Conf.\ on Computer-Aided Design},
        Date-Added = {2012-05-23 19:05:32 +0000},
        Date-Modified = {2013-01-25 01:23:20 +0000},
        Pages = {592--597},
        Title = {Improving the Robustness of a Surface Integral Formulation for Wideband Impedance Extraction of {3D} Structures},
        Year = {2001}}

%% Treecode
@article{BarnesHut1986,
        Adsnote = {Provided by the SAO/NASA Astrophysics Data System},
        Adsurl = {http://adsabs.harvard.edu/abs/1986Natur.324..446B},
        Author = {Barnes, J. and Hut, P.},
        Date-Added = {2008-02-27 11:17:49 +0000},
        Date-Modified = {2011-04-28 18:29:12 -0400},
        Doi = {10.1038/324446a0},
        Journal = {Nature},
        Keywords = {treecodes},
        Month = {December},
        Pages = {446--449},
        Title = {A Hierarchical {$O(N \log N)$} Force-Calculation Algorithm},
        Volume = {324},
        Year = {1986},
        Bdsk-Url-1 = {http://dx.doi.org/10.1038/324446a0}}

@article{DuanKrasny2001,
        Author = {Z.-H. Duan and R. Krasny},
        Date-Added = {2012-05-23 19:15:45 +0000},
        Date-Modified = {2013-01-25 01:42:27 +0000},
        Journal = {J. Comp.\ Chem.},
        Number = {2},
        Pages = {184--195},
        Title = {An Adaptive Treecode for Computing Nonbonded Potential Energy in Classical Molecular Systems},
        Volume = {22},
        Year = {2001}}

%% Protein mesher and pdb2pqr
@article{Nanoshaper,
 title={A general and robust ray-casting-based algorithm for triangulating surfaces at the nanoscale},
 author={Decherchi, Sergio and Rocchia, Walter},
 journal={PloS one},
 volume={8},
 number={4},
 pages={e59744},
 year={2013},
 publisher={Public Library of Science}
}

@article{Dolinsky04,
        Author = {T. J. Dolinsky and J. E. Nielsen and J. A. {McCammon} and N. A. Baker},
        Journal = {Nucleic Acids Research},
        Pages = {W665-W667},
        Title = {{PDB2PQR}: an automated pipeline for the setup of {Poisson}--{Boltzmann} electrostatics calculations},
        Volume = 32,
        Year = 2004}

%% Books 
@book{Jackson,
        Author = {J. D. Jackson},
        City = {New York},
        Edition = {3$^{rd}$},
        Publisher = {Wiley},
        Title = {Classical Electrodynamics},
        Year = {1998}}

@book{BrebbiaDominguez1992,
        Author = {Brebbia, C and Dominguez, I},
        Date-Added = {2011-12-19 18:12:58 -0500},
        Date-Modified = {2013-03-18 19:09:18 +0000},
        Edition = {2nd},
        Keywords = {bem},
        Publisher = {WIT Press},
        Title = {Boundary Elements An Introductory Course},
        Year = {1992}}